@article{Banda2017AApplications,
    title = {{A data management and analytic model for business intelligence applications}},
    year = {2017},
    journal = {2017 IST-Africa Week Conference (IST-Africa)},
    author = {Banda, Misheck and Ngassam, Ernest Ketcha},
    pages = {1--10},
    url = {http://ieeexplore.ieee.org/document/8102350/},
    isbn = {978-1-905824-57-1},
    doi = {10.23919/ISTAFRICA.2017.8102350},
    keywords = {analytics, big data, business intelligence applications, cloud computing, data, data warehouse, management}
}

@article{Yuan2015AData,
    title = {{A Distributed Anomaly Detection Method of Operation Energy Consumption Using Smart Meter Data}},
    year = {2015},
    journal = {2015 International Conference on Intelligent Information Hiding and Multimedia Signal Processing (IIH-MSP)},
    author = {Yuan, Ye and Jia, Kebin},
    pages = {310--313},
    url = {http://ieeexplore.ieee.org/document/7415819/},
    isbn = {978-1-5090-0188-0},
    doi = {10.1109/IIH-MSP.2015.38},
    keywords = {-operation consumption, anomaly detection, deep learning, iot, smart meter, sparse autoencoder, stacked}
}

@article{Berral-garcia2016AAnalytics,
    title = {{A Quick View on Current Techniques and Machine Learning Algorithms for Big Data Analytics}},
    year = {2016},
    journal = {18th International Conference on Transparent Optical Networks (ICTON)},
    author = {Berral-garc{\'{i}}a, Josep Lluis},
    pages = {1--4},
    isbn = {9781509014668},
    doi = {10.1109/ICTON.2016.7550517},
    issn = {21627339},
    keywords = {analytics, big data, frameworks, knowledge discovery, machine learning}
}

@article{Yang2016ALearning,
    title = {{A Scalable Feature Selection and Model Updating Approach for Big Data Machine Learning}},
    year = {2016},
    journal = {2016 IEEE International Conference on Smart Cloud (SmartCloud)},
    author = {Yang, Baijian and Zhang, Tonglin},
    pages = {146--151},
    url = {http://ieeexplore.ieee.org/document/7796165/},
    isbn = {978-1-5090-5263-9},
    doi = {10.1109/SmartCloud.2016.32}
}

@article{Suryanegara2017ACountry,
    title = {{A System Engineering Approach to the Implementation of the Internet of Things ( IoT ) in a Country}},
    year = {2017},
    author = {Suryanegara, Muhammad and Arifin, Ajib Setyo and Asvial, Muhamad and Wibisono, Gunawan and Definition, A Iot Technical},
    pages = {20--23},
    isbn = {9781538639474},
    keywords = {internet of things, iot, system engineering}
}

@article{Patcha2007AnTrends,
    title = {{An overview of anomaly detection techniques: Existing solutions and latest technological trends}},
    year = {2007},
    journal = {Computer Networks},
    author = {Patcha, Animesh and Park, Jung Min},
    number = {12},
    pages = {3448--3470},
    volume = {51},
    isbn = {1389-1286},
    doi = {10.1016/j.comnet.2007.02.001},
    issn = {13891286},
    keywords = {Anomaly detection, Data mining, Machine learning, Statistical anomaly detection, Survey}
}

@article{Blomquist2015AnomalyCommunity,
    title = {{Anomaly detection with Machine learning Quality assurance of statistical data in the Aid community}},
    year = {2015},
    author = {Blomquist, Hanna and M{\"{o}}ller, Johanna},
    url = {https://pdfs.semanticscholar.org/eda8/b4887feae76f2a64181887bc4fb0a45d7ec4.pdf}
}

@article{Chandola2009AnomalySurvey,
    title = {{Anomaly detection: A survey}},
    year = {2009},
    journal = {ACM Computing Surveys (CSUR)},
    author = {Chandola, Varun and Banerjee, Arindam and Kumar, Vipin},
    number = {September},
    pages = {1--58},
    volume = {41},
    url = {http://portal.acm.org/citation.cfm?id=1541882%5Cnhttp://dl.acm.org/citation.cfm?id=1541882%5Cnhttp://portal.acm.org/citation.cfm?doid=1541880.1541882},
    isbn = {0818663359},
    doi = {10.1145/1541880.1541882},
    issn = {0360-0300},
    pmid = {21834704},
    arxivId = {arXiv:1011.1669v3},
    keywords = {Anomaly detection, outlier detection}
}

@book{Joshi2017ArtificialPython,
    title = {{Artificial Intelligence with Python}},
    year = {2017},
    author = {Joshi, Prateek},
    pages = {425},
    publisher = {Packt},
    address = {Birmingham},
    isbn = {978-1-78646-439-2},
    doi = {10.1002/ejoc.201200111},
    issn = {0196-6553},
    pmid = {26840611},
    arxivId = {arXiv:1011.1669v3}
}

@article{Negash2004BusinessIntelligence,
    title = {{Business intelligence}},
    year = {2004},
    journal = {Communications of the Association for Information Systems},
    author = {Negash, Solomon},
    pages = {177--195},
    volume = {13},
    isbn = {903952078X},
    doi = {10.1007/978-3-540-48716-6{\_}9},
    issn = {10509135},
    pmid = {21309337},
    arxivId = {arXiv:1011.1669v3},
    keywords = {business intelligence, competitive intelligence, unstructured data}
}

@article{Mishra2016BusinessAnalytics,
    title = {{Business Intelligence using Data Mining Techniques and Business Analytics}},
    year = {2016},
    author = {Mishra, Brojo Kishore and Hazra, Deepannita and Tarannum, Kahkashan and Kumar, Manas},
    isbn = {9781509035434},
    doi = {10.1109/SYSMART.2016.7894496},
    keywords = {business, business intelligence, data mining}
}

@article{Babu2012BusinessBenefits,
    title = {{Business Intelligence: Concepts, Components, Techniques and Benefits}},
    year = {2012},
    journal = {SSRN Electronic Journal},
    author = {Babu, K.V.S.N Jawahar},
    url = {https://drive.google.com/file/d/0B2aIYltaEl1bNTA4SDNZLUhZUEE/view http://www.ssrn.com/abstract=2150581},
    isbn = {9788861051249},
    doi = {10.2139/ssrn.2150581},
    issn = {1556-5068}
}

@article{Babu2012BusinessBenefitsb,
    title = {{Business Intelligence: Concepts, Components, Techniques and Benefits}},
    year = {2012},
    journal = {SSRN Electronic Journal},
    author = {Babu, K.V.S.N Jawahar},
    url = {http://www.ssrn.com/abstract=2150581},
    isbn = {9788861051249},
    doi = {10.2139/ssrn.2150581},
    issn = {1556-5068}
}

@article{Hameed2017BusinessData,
    title = {{Business intelligence: Self adapting and prioritizing database algorithm for providing big data insight in domain knowledge and processing of volume based instructions based on scheduled and contextual shifting of data}},
    year = {2017},
    journal = {FTC 2016 - Proceedings of Future Technologies Conference},
    author = {Hameed, Mazhar and Qamar, Usman and Akram, Usman},
    number = {December},
    pages = {1168--1175},
    isbn = {9781509041718},
    doi = {10.1109/FTC.2016.7821749},
    keywords = {In-column memory, equivalent sets, evolutionary algorithm, topology}
}

@article{Hameed2017BusinessDatab,
    title = {{Business intelligence: Self adapting and prioritizing database algorithm for providing big data insight in domain knowledge and processing of volume based instructions based on scheduled and contextual shifting of data}},
    year = {2017},
    journal = {FTC 2016 - Proceedings of Future Technologies Conference},
    author = {Hameed, Mazhar and Qamar, Usman and Akram, Usman},
    number = {December},
    pages = {1168--1175},
    isbn = {9781509041718},
    doi = {10.1109/FTC.2016.7821749},
    keywords = {In-column memory, equivalent sets, evolutionary algorithm, topology}
}

@article{Alleman2010CPMManagement,
    title = {{CPM – 500 – B / C / F : Integrating Systems Engineering with Earned Value Management}},
    year = {2010},
    journal = {Systems Engineering},
    author = {Alleman, Glen B},
    number = {June}
}

@article{Vaishnavi2004DesignSystems,
    title = {{Design Science Research in Information Systems}},
    year = {2004},
    journal = {Ais},
    author = {Vaishnavi, Vijay and Kuechler, Bill},
    pages = {45},
    url = {http://desrist.org/desrist/content/design-science-research-in-information-systems.pdf http://www.desrist.org/design-research-in-information-systems/},
    isbn = {0849337968},
    doi = {10.1007/978-1-4419-5653-8},
    issn = {02767783},
    pmid = {12581935},
    arxivId = {0742–1222 / 2003 {\$}9.50 + 0.00.}
}

@article{El-Sayed2017EdgeEnvironment,
    title = {{Edge of Things: The Big Picture on the Integration of Edge, IoT and the Cloud in a Distributed Computing Environment}},
    year = {2017},
    journal = {IEEE Access},
    author = {El-Sayed, Hesham and Sankar, Sharmi and Prasad, Mukesh and Puthal, Deepak and Gupta, Akshansh and Mohanty, Manoranjan and Lin, Chin Teng},
    volume = {6},
    doi = {10.1109/ACCESS.2017.2780087},
    issn = {21693536},
    keywords = {Ad hoc networks, Cloud Computing, Cloud computing, Computer architecture, Edge Computing, Edge computing, Fog Computing, IoT, Mobile computing, Multi-Cloud, Resource management, Servers}
}

@article{AlelyaniFeatureReview,
    title = {{Feature Selection for Clustering: A Review}},
    author = {Alelyani, Salem and Tang, Jiliang and Liu, Huan},
    url = {https://pdfs.semanticscholar.org/f116/7e2e1fa07cdf432c10beb373e07efd6a5e58.pdf}
}

@article{Hussein2018FromAdnan,
    title = {{From project management to planetary defense: Implementation of a systems engineering approach using integrated product and process development (IPPD) alaa adnan}},
    year = {2018},
    journal = {IEEE Aerospace and Electronic Systems Magazine},
    author = {Hussein, Alaa Adnan and Silva-Martinez, Jackelynne and Wilson, Thomas},
    number = {1},
    pages = {6--23},
    volume = {33},
    doi = {10.1109/MAES.2018.160212},
    issn = {08858985}
}

@article{Turban2011IntroductionIntelligence,
    title = {{Introduction to business intelligence}},
    year = {2011},
    journal = {Business intelligence: a managerial approach},
    author = {Turban, Efraim and Sharda, Ramesh and Delen, Dursun and King, David},
    pages = {3--18},
    isbn = {9192631770},
    doi = {10.1300/J155v11n01{\_}01},
    issn = {1089-4160},
    pmid = {17804367},
    arxivId = {0712.0689}
}

@article{Alpaydn2014IntroductionLearning,
    title = {{Introduction to machine learning}},
    year = {2014},
    journal = {Methods in Molecular Biology},
    author = {Alpaydın, Ethem},
    pages = {105--128},
    volume = {1107},
    isbn = {9780262012430},
    doi = {10.1007/978-1-62703-748-8-7},
    issn = {10643745},
    pmid = {24272434},
    arxivId = {0904.3664v1},
    keywords = {Classification, Clustering, Dimensionality reduction, Machine learning, Model complexity, Model evaluation, Performance metrics, Regression, Supervised learning, Unsupervised learning}
}

@misc{Kavis2016IOTData,
    title = {{IOT Is The Killer App For Big Data}},
    year = {2016},
    author = {Kavis, Mike},
    url = {https://www.forbes.com/sites/mikekavis/2016/02/25/iot-is-the-killer-app-for-big-data/#3ed6f82411fa}
}

@book{Editors2010LectureProcessing,
    title = {{Lecture Notes in Business Information Processing}},
    year = {2010},
    booktitle = {13th International Conference, BIS 2010},
    author = {Editors, Series},
    isbn = {9783642128134}
}

@article{Condie2013MachineData,
    title = {{Machine learning on Big Data}},
    year = {2013},
    journal = {2013 IEEE 29th International Conference on Data Engineering (ICDE)},
    author = {Condie, T and Mineiro, P and Polyzotis, N and Weimer, M},
    pages = {1242--1244},
    url = {http://ieeexplore.ieee.org/articleDetails.jsp?arnumber=6544913%5Cnpapers3://publication/doi/10.1109/ICDE.2013.6544913%5Cnhttp://ieeexplore.ieee.org/document/6544913/},
    isbn = {978-1-4673-4910-9},
    doi = {10.1109/ICDE.2013.6544913},
    issn = {1063-6382},
    keywords = {Big Data}
}

@article{Hajji2016MicrofinanceIntelligence,
    title = {{Microfinance risk analysis using the business intelligence}},
    year = {2016},
    journal = {2016 4th IEEE International Colloquium on Information Science and Technology (CiSt)},
    author = {Hajji, Tarik and El Jasouli, Sidi Yasser and Mbarki, Jamal and Jaara, El Miloud},
    pages = {675--680},
    url = {http://ieeexplore.ieee.org/document/7804971/},
    isbn = {978-1-5090-0751-6},
    doi = {10.1109/CIST.2016.7804971},
    issn = {2327-185X},
    keywords = {business intelligence, data, mfi, microfinance}
}

@inproceedings{Nikravesh2014MobileAnalysis,
    title = {{Mobile network performance from user devices: A longitudinal, multidimensional analysis}},
    year = {2014},
    booktitle = {Lecture Notes in Computer Science (including subseries Lecture Notes in Artificial Intelligence and Lecture Notes in Bioinformatics)},
    author = {Nikravesh, Ashkan and Choffnes, David R and Katz-Bassett, Ethan and Mao, Z Morley and Welsh, Matt},
    pages = {12--22},
    volume = {8362 LNCS},
    url = {http://david.choffnes.com/pubs/pam14-nikravesh.pdf},
    isbn = {9783319049175},
    doi = {10.1007/978-3-319-04918-2{\_}2},
    issn = {16113349}
}

@techreport{JordanPatternLearning,
    title = {{Pattern Recognition and Machine Learning}},
    author = {Jordan, M and Kleinberg, J and Sch{\"{o}}lkopf, B},
    url = {http://users.isr.ist.utl.pt/~wurmd/Livros/school/Bishop%20-%20Pattern%20Recognition%20And%20Machine%20Learning%20-%20Springer%20%202006.pdf}
}

@article{Xing2015PetuumPlatform,
    title = {{Petuum - New Platform}},
    year = {2015},
    journal = {IEEE Transactions on Big Data},
    author = {Xing, Eric P and Ho, Qirong and Dai, Wei and Kim, Jin Kyu and Wei, Jinliang and Lee, Seunghak and Zheng, Xun},
    number = {2},
    pages = {49--67},
    volume = {1},
    isbn = {9781450336642},
    doi = {10.1109/TBDATA.2015.2472014},
    issn = {2332-7790},
    arxivId = {1312.7651},
    keywords = {Machine learning, big data, big model, data-parallelism, distributed systems, model-parallelism, theory}
}

@article{Wise.io2014PracticalForests,
    title = {{Practical Machine Learning in Production : Using Decision Forests}},
    year = {2014},
    author = {Wise.io, Inc}
}

@article{Guha2016RobustStreams,
    title = {{Robust Random Cut Forest Based Anomaly Detection On Streams}},
    year = {2016},
    journal = {Proceedings of The 33rd International Conference on Machine Learning},
    author = {Guha, Sudipto and Mishra, Nina and Roy, Gourav and Schrijvers, Okke},
    volume = {48},
    url = {https://d1.awsstatic.com/whitepapers/kinesis-anomaly-detection-on-streaming-data.pdf http://jmlr.org/proceedings/papers/v48/guha16.pdf},
    isbn = {9781510829008},
    keywords = {anomaly detection, streams}
}

@article{Guha2016RobustStreamsb,
    title = {{Robust Random Cut Forest Based Anomaly Detection On Streams}},
    year = {2016},
    journal = {Proceedings of The 33rd International Conference on Machine Learning},
    author = {Guha, Sudipto and Mishra, Nina and Roy, Gourav and Schrijvers, Okke},
    volume = {48},
    url = {https://d1.awsstatic.com/whitepapers/kinesis-anomaly-detection-on-streaming-data.pdf http://jmlr.org/proceedings/papers/v48/guha16.pdf},
    isbn = {9781510829008},
    keywords = {anomaly detection, streams}
}

@article{Suhardi2017ServiceCycle,
    title = {{Service Computing System Engineering Life Cycle}},
    year = {2017},
    journal = {International Conference on Electrical Engineering, Computer Science and Informatics},
    author = {{Suhardi} and Kurniawan, Novianto Budi and Sembiring, Jaka},
    number = {September},
    pages = {19--21},
    isbn = {9781538605493},
    keywords = {approaches, architecture, business needs approach and, it services, it trends approach, service computing, service computing systems, service oriented, services computing system engineering}
}

@article{Wang2016SPARKLearning,
    title = {{SPARK – A Big Data Processing Platform for Machine Learning}},
    year = {2016},
    journal = {2016 International Conference on Industrial Informatics - Computing Technology, Intelligent Technology, Industrial Information Integration},
    author = {Wang, Kaiyuan and Fu, Jian and Wang, Kaiyuan},
    pages = {48--51},
    url = {http://ieeexplore.ieee.org/document/7823490/},
    isbn = {9781509035755},
    doi = {10.1109/ICIICII.2016.27},
    keywords = {Apache Spark, Iteration, MLlib, Machine Learning, Memory computing}
}

@article{Xiaocong2010StudyPlatform,
    title = {{Study on the structure of "Internet of Things(IOT)" business operation support platform}},
    year = {2010},
    journal = {International Conference on Communication Technology Proceedings, ICCT},
    author = {Xiaocong, Qian and Jidong, Zhang},
    pages = {1068--1071},
    isbn = {9781424468690},
    doi = {10.1109/ICCT.2010.5688537},
    keywords = {Business operation support platform, Device management, Internet of things}
}

@article{Rose2015TheOverview,
    title = {{The internet of things: an overview}},
    year = {2015},
    journal = {Internet Society},
    author = {Rose, K. and Eldridge, S. and Lyman, C.},
    number = {October},
    pages = {53},
    url = {http://www.internetsociety.org/doc/iot-overview},
    isbn = {9788578110796},
    doi = {10.1017/CBO9781107415324.004},
    issn = {1098-6596},
    pmid = {25246403},
    arxivId = {arXiv:1011.1669v3}
}

@article{Fields2016TheIntelligence,
    title = {{The Modern Approach to Business Intelligence}},
    year = {2016},
    author = {Fields, Ellie and Daly, Marshall},
    pages = {19}
}

@article{Tuccaroglu2016TheSolutions,
    title = {{The readiness of banks for the application of Business Intelligence solutions}},
    year = {2016},
    journal = {13th HONET-ICT International Symposium on Smart MicroGrids for Sustainable Energy Sources Enabled by Photonics and IoT Sensors, HONET-ICT 2016},
    author = {Tuccaroglu, Bora and Nat, Muesser},
    number = {2},
    pages = {127--132},
    isbn = {9781509037841},
    doi = {10.1109/HONET.2016.7753435},
    keywords = {Business Intelligence, Business Intelligence Readiness, North Cyprus, banking sector, banks}
}

@techreport{Ben-David2014UnderstandingAlgorithms,
    title = {{Understanding Machine Learning: From Theory to Algorithms}},
    year = {2014},
    booktitle = {Understanding Machine Learning: From Theory to Algorithms},
    author = {Ben-David, Shai and Shalev-Shwartz, Shai},
    pages = {409},
    url = {http://www.cs.huji.ac.il/~shais/UnderstandingMachineLearning/understanding-machine-learning-theory-algorithms.pdf},
    isbn = {9781107057135},
    doi = {10.1017/CBO9781107298019}
}

@article{Ahmad2017UnsupervisedData,
    title = {{Unsupervised real-time anomaly detection for streaming data}},
    year = {2017},
    journal = {Neurocomputing},
    author = {Ahmad, Subutai and Lavin, Alexander and Purdy, Scott and Agha, Zuha},
    pages = {134--147},
    volume = {262},
    url = {https://ac.els-cdn.com/S0925231217309864/1-s2.0-S0925231217309864-main.pdf?_tid=f1a71094-fc86-11e7-85c0-00000aab0f02&acdnat=1516304397_f4336a3f6b93e63e311e51f0272bf741},
    doi = {10.1016/j.neucom.2017.04.070},
    issn = {18728286},
    keywords = {Anomaly detection, Benchmark dataset, Concept drift, Hierarchical Temporal Memory, Streaming data, Unsupervised learning}
}

@article{Rajasekharaiah2016CRSAApplications,
    title = {{{\{}CRSA{\}} cryptosystem based secure data mining model for business intelligence applications}},
    year = {2016},
    author = {Rajasekharaiah, K M and Dule, C S and Srimani, P K},
    pages = {879--884},
    url = {https://www.scopus.com/inward/record.uri?eid=2-s2.0-85006817367&doi=10.1109%2FICEEOT.2016.7754812&partnerID=40&md5=ddaeafae907ce085a1b2c5e31562d096},
    isbn = {9781467399395},
    doi = {10.1109/ICEEOT.2016.7754812},
    keywords = {Business Intelligence, C5.0, Commutative RSA, Decision support, data mining, security}
}